<?xml version="1.0" encoding="utf-8"?>
<record xmlns="http://www.loc.gov/MARC21/slim" xmlns:xsi="http://www.w3.org/2001/XMLSchema-instance" xsi:schemaLocation="http://www.loc.gov/MARC21/slim http://www.loc.gov/standards/marcxml/schema/MARC21slim.xsd">
	<leader>     nam a22        4500</leader>
	<controlfield tag="001">1753760</controlfield>
	<controlfield tag="003">NjP</controlfield>
	<controlfield tag="006">m        d        </controlfield>
	<controlfield tag="007">cr cn |||m|||a</controlfield>
	<controlfield tag="008">160323s1970    iq      ob    000 0 ara d</controlfield>
	<datafield ind1=" " ind2=" " tag="040">
		<subfield code="a">NNU</subfield>
		<subfield code="b">eng</subfield>
		<subfield code="e">rda</subfield>
		<subfield code="c">NNU</subfield>
	</datafield>
	<datafield ind1=" " ind2="4" tag="050">
		<subfield code="a">PJ7745.B8</subfield>
		<subfield code="b">Z85 1970</subfield>
	</datafield>
	<datafield ind1="0" ind2="4" tag="082">
		<subfield code="a">892.7134</subfield>
		<subfield code="2">21</subfield>
	</datafield>
	<datafield ind1="1" ind2=" " tag="100">
		<subfield code="6">880-01</subfield>
		<subfield code="a">Sāmarrāʼī, Yūnus Aḥmad.</subfield>
	</datafield>
	<datafield ind1="1" ind2="3" tag="245">
		<subfield code="6">880-02</subfield>
		<subfield code="a">al-Buḥturī fī Sāmarrāʼ ḥattá nihāyat ʻaṣr al-Mutawakkil /</subfield>
		<subfield code="c">Yūnus Aḥmad al-Sāmarrāʼī.</subfield>
	</datafield>
	<datafield ind1=" " ind2=" " tag="260">
		<subfield code="6">880-03</subfield>
		<subfield code="a">Baghdād :</subfield>
		<subfield code="b">Maṭbaʻat al-Irshād,</subfield>
		<subfield code="c">1970.</subfield>
	</datafield>
	<datafield ind1=" " ind2=" " tag="300">
		<subfield code="a">online resource (288 pages)</subfield>
	</datafield>
	<datafield ind1=" " ind2=" " tag="336">
		<subfield code="a">text</subfield>
		<subfield code="2">rdacontent</subfield>
	</datafield>
	<datafield ind1=" " ind2=" " tag="337">
		<subfield code="a">computer</subfield>
		<subfield code="2">rdamedia</subfield>
	</datafield>
	<datafield ind1=" " ind2=" " tag="338">
		<subfield code="a">online resource</subfield>
		<subfield code="2">rdacarrier</subfield>
	</datafield>
	<datafield ind1=" " ind2=" " tag="500">
		<subfield code="a">La p. de titre porte : Sāʻadat Wizārat al-Thaqāfah wa-al-Iʻlām ʻalá Nashrihi.</subfield>
	</datafield>
	<datafield ind1=" " ind2=" " tag="500">
		<subfield code="a">Part of the Arabic Collections Online (ACO) project, contributed by Princeton University Libraries.</subfield>
	</datafield>
	<datafield ind1=" " ind2=" " tag="504">
		<subfield code="a">Includes bibliographical references.</subfield>
	</datafield>
	<datafield ind1=" " ind2=" " tag="533">
		<subfield code="a">Electronic reproduction.</subfield>
		<subfield code="b">New York, N.Y. :</subfield>
		<subfield code="c">New York University,</subfield>
		<subfield code="d">2016.</subfield>
		<subfield code="5">NNU</subfield>
	</datafield>
	<datafield ind1="1" ind2="0" tag="600">
		<subfield code="6">880-04</subfield>
		<subfield code="a">Buḥturī, al-Walīd ibn ʻUbayd,</subfield>
		<subfield code="d">approximately 821-897 or 898.</subfield>
	</datafield>
	<datafield ind1="1" ind2="7" tag="600">
		<subfield code="6">880-05</subfield>
		<subfield code="a">Buḥturī, al-Walīd ibn ʻUbayd Abū ʻUbadā al-.</subfield>
		<subfield code="2">ram</subfield>
	</datafield>
	<datafield ind1="1" ind2="7" tag="600">
		<subfield code="a">Buḥturī, al-Walīd ibn ʻUbayd,</subfield>
		<subfield code="d">approximately 821-897 or 898</subfield>
		<subfield code="2">fast</subfield>
		<subfield code="0">(OCoLC)fst01810228</subfield>
	</datafield>
	<datafield ind1="2" ind2=" " tag="710">
		<subfield code="a">Princeton University.</subfield>
		<subfield code="b">Library.</subfield>
	</datafield>
	<datafield ind1="0" ind2=" " tag="730">
		<subfield code="a">Arabic Collections Online.</subfield>
	</datafield>
	<datafield ind1="0" ind2="8" tag="776">
		<subfield code="i">Print version:</subfield>
		<subfield code="a">Sāmarrāʼī, Yūnus Aḥmad.</subfield>
		<subfield code="t">al-Buḥturī fī Sāmarrāʼ ḥattá nihāyat ʻaṣr al-Mutawakkil</subfield>
		<subfield code="w">(NjP)1753760</subfield>
		<subfield code="w">(DLC)   79271029 </subfield>
		<subfield code="w">(OCoLC)40974868</subfield>
	</datafield>
	<datafield ind1="4" ind2="0" tag="856">
		<subfield code="u">http://hdl.handle.net/2333.1/b8gthxqw</subfield>
	</datafield>
	<datafield ind1="1" ind2=" " tag="880">
		<subfield code="6">100-01/r</subfield>
		<subfield code="a">السامرائي، يونس أحمد.</subfield>
	</datafield>
	<datafield ind1="1" ind2="2" tag="880">
		<subfield code="6">245-02/r</subfield>
		<subfield code="a">البحتري في سامراء حتى نهاية عصر المتوكل /</subfield>
		<subfield code="c">يونس أحمد السامرائي.</subfield>
	</datafield>
	<datafield ind1=" " ind2=" " tag="880">
		<subfield code="6">260-03/r</subfield>
		<subfield code="a">بغداد :</subfield>
		<subfield code="b">مطبعة الإرشاد،</subfield>
		<subfield code="c">1970.</subfield>
	</datafield>
	<datafield ind1="1" ind2="4" tag="880">
		<subfield code="6">600-04/r</subfield>
		<subfield code="a">بحتر، الوليد بن عبيد،,</subfield>
		<subfield code="d">. 821-897 or 898.</subfield>
	</datafield>
	<datafield ind1="1" ind2="7" tag="880">
		<subfield code="6">600-05/r</subfield>
		<subfield code="a">بحتري، الوليد بن عبيد أبو عبدا ال.</subfield>
		<subfield code="2">ram</subfield>
	</datafield>
	<datafield ind1=" " ind2=" " tag="959">
		<subfield code="a">NNU</subfield>
		<subfield code="b">WEB</subfield>
		<subfield code="c">GENI</subfield>
		<subfield code="t">0</subfield>
		<subfield code="m">Electronic access</subfield>
		<subfield code="s">01</subfield>
	</datafield>
	<datafield ind1=" " ind2=" " tag="999">
		<subfield code="i">NjP_1753760</subfield>
		<subfield code="o">(OCoLC)ocm40974868 </subfield>
		<subfield code="s">princeton_aco000222</subfield>
	</datafield>
</record>
